<?xml version="1.0" encoding="UTF-8"?><collection xmlns="http://www.loc.gov/MARC21/slim"><record><leader>00388nam--2200133-i-4500</leader><controlfield tag="001">000028686</controlfield><controlfield tag="002">20161230</controlfield><controlfield tag="005">20161230201037</controlfield><controlfield tag="008">060222s1000------------r-----000-0-eng-d</controlfield><datafield ind1=" " ind2=" " tag="080"><subfield code="a">543.42</subfield></datafield><datafield ind1=" " ind2=" " tag="100"><subfield code="a">Herzog, Gerhard</subfield></datafield><datafield ind1=" " ind2=" " tag="245"><subfield code="a">Inaugural-dissertation:specktroscopische untersuchungen an chloro-aquo-chrom(iii0-komplexen</subfield></datafield><datafield ind1=" " ind2=" " tag="260"><subfield code="a">Tubingen, Fotodruck Prazis, 1964. 41p</subfield></datafield><datafield ind1=" " ind2=" " tag="852"><subfield code="a">23424</subfield></datafield></record></collection>